<?xml version="1.0" encoding="UTF-8"?><collection xmlns="http://www.loc.gov/MARC21/slim"><record><leader>00489nam--2200169-i-4500</leader><controlfield tag="001">000034907</controlfield><controlfield tag="002">20161230</controlfield><controlfield tag="005">20161230201040</controlfield><controlfield tag="008">060222s1000------------r-----000-0-eng-d</controlfield><datafield ind1=" " ind2=" " tag="040"><subfield code="a">IFIN-HH</subfield></datafield><datafield ind1=" " ind2=" " tag="080"><subfield code="a">532.5:532.132</subfield></datafield><datafield ind1="1" ind2=" " tag="100"><subfield code="a">Putterman, Seth J</subfield></datafield><datafield ind1="1" ind2="0" tag="245"><subfield code="a">Superfluid hydrodynamics</subfield><subfield code="c">Seth J. Putterman</subfield></datafield><datafield ind1=" " ind2=" " tag="260"><subfield code="a">Amsterdam, North-holland Publ.Co., 1974</subfield></datafield><datafield ind1=" " ind2=" " tag="490"><subfield code="a">North-holland Series In Low Temperature Physics</subfield><subfield code="v">Vol.3</subfield></datafield><datafield ind1=" " ind2=" " tag="852"><subfield code="a">40941</subfield><subfield code="c">532</subfield></datafield><datafield ind1=" " ind2=" " tag="CAT"><subfield code="a">Sys</subfield><subfield code="c">20100716</subfield><subfield code="h">101855</subfield></datafield></record></collection>